<record><leader>00906cam a2200265 i 4500</leader><controlfield tag="001">6811373</controlfield><controlfield tag="003">OCoLC</controlfield><controlfield tag="005">20150211023703.0</controlfield><controlfield tag="008">150116s2015    fr            000 1 fre d</controlfield><datafield ind1=" " ind2=" " tag="020"><subfield code="a">9782081293656</subfield><subfield code="q">(pbk.)</subfield></datafield><datafield ind1=" " ind2=" " tag="020"><subfield code="a">208129365X</subfield><subfield code="q">(pbk.)</subfield></datafield><datafield ind1=" " ind2=" " tag="035"><subfield code="a">ocn900410621</subfield></datafield><datafield ind1=" " ind2=" " tag="040"><subfield code="a">AUXAM</subfield><subfield code="b">eng</subfield><subfield code="c">AUXAM</subfield><subfield code="d">OCLCQ</subfield><subfield code="d">OKU</subfield><subfield code="d">AEU</subfield></datafield><datafield ind1=" " ind2="4" tag="050"><subfield code="a">PQ2662.E45125</subfield><subfield code="b">F389 2015</subfield></datafield><datafield ind1=" " ind2=" " tag="090"><subfield code="a">PQ 2662 E45125 F389 2015</subfield><subfield code="b">AEU</subfield></datafield><datafield ind1="1" ind2=" " tag="100"><subfield code="a">Belezi, Mathieu,</subfield><subfield code="e">author.</subfield></datafield><datafield ind1="1" ind2="3" tag="245"><subfield code="a">Un faux pas dans la vie d'Emma Picard :</subfield><subfield code="b">roman /</subfield><subfield code="c">Mathieu Belezi.</subfield></datafield><datafield ind1=" " ind2="1" tag="264"><subfield code="a">[Paris] :</subfield><subfield code="b">Flammarion,</subfield><subfield code="c">&#169;2015.</subfield></datafield><datafield ind1=" " ind2=" " tag="300"><subfield code="a">255 pages ;</subfield><subfield code="c">21 cm.</subfield></datafield><datafield ind1=" " ind2=" " tag="336"><subfield code="a">text</subfield><subfield code="b">txt</subfield><subfield code="2">rdacontent</subfield></datafield><datafield ind1=" " ind2=" " tag="337"><subfield code="a">unmediated</subfield><subfield code="b">n</subfield><subfield code="2">rdamedia</subfield></datafield><datafield ind1=" " ind2=" " tag="338"><subfield code="a">volume</subfield><subfield code="b">nc</subfield><subfield code="2">rdacarrier</subfield></datafield><datafield ind1=" " ind2=" " tag="596"><subfield code="a">43</subfield></datafield><datafield ind1=" " ind2=" " tag="949"><subfield code="a">PQ 2662 E45125 F389 2015</subfield><subfield code="h">UAHS-B</subfield><subfield code="i">0162034228542</subfield></datafield><datafield ind1=" " ind2=" " tag="926"><subfield code="a">PQ 2662 E45125 F389 2015</subfield><subfield code="w">LC</subfield><subfield code="c">1</subfield><subfield code="i">0162034228542</subfield><subfield code="l">ON_SHELF</subfield><subfield code="m">UAHSS</subfield><subfield code="p">$150.00</subfield><subfield code="r">Y</subfield><subfield code="s">Y</subfield><subfield code="t">BOOK</subfield><subfield code="u">2/24/2015</subfield></datafield></record>